<record><leader>00000cas a22000007a 4500</leader><controlfield tag="001">15147854</controlfield><controlfield tag="008">870204d194u1972inuwr ne      0    0eng d</controlfield><datafield ind1=" " ind2=" " tag="010"><subfield code="a">sn 87055088 </subfield></datafield><datafield ind1=" " ind2=" " tag="040"><subfield code="a">NPI</subfield><subfield code="b">eng</subfield><subfield code="c">NPI</subfield><subfield code="d">OCLCQ</subfield></datafield><datafield ind1=" " ind2=" " tag="042"><subfield code="a">msc</subfield></datafield><datafield ind1="0" ind2=" " tag="130"><subfield code="a">Courier (Upland, Ind.)</subfield></datafield><datafield ind1="1" ind2="4" tag="245"><subfield code="a">The courier.</subfield></datafield><datafield ind1=" " ind2=" " tag="260"><subfield code="a">Upland, Ind. :</subfield><subfield code="b">Hugh Freese and Walter C. Getschman,</subfield><subfield code="c">-1972.</subfield></datafield><datafield ind1=" " ind2=" " tag="310"><subfield code="a">Weekly</subfield></datafield><datafield ind1="0" ind2=" " tag="362"><subfield code="a">-v. 79, no. 34 (Aug. 25, 1972).</subfield></datafield><datafield ind1=" " ind2=" " tag="588"><subfield code="a">Description based on: Vol. 46, no. 38 (Oct. 8, 1943).</subfield></datafield><datafield ind1=" " ind2=" " tag="752"><subfield code="a">United States</subfield><subfield code="b">Indiana</subfield><subfield code="c">Grant</subfield><subfield code="d">Upland.</subfield></datafield><datafield ind1="0" ind2="0" tag="780"><subfield code="t">Community courier (Upland, Ind.)</subfield><subfield code="w">(DLC)sn 87056694</subfield></datafield><datafield ind1="0" ind2="4" tag="785"><subfield code="t">Reporter (Gas City, Ind.)</subfield><subfield code="w">(DLC)sn 87055064</subfield></datafield></record>